%chapter 4

@misc{livescience_2011,
author =  {Cho, Charles Q.},
  title = {Human Evolution: The Origin of Tool Use},
  howpublished = {Published in Live Science\url{https://www.livescience.com/7968-human-evolution-origin-tool.html}},
  note = {Accessed: 2019-04-26}
}

@misc{NYT_2012,
author =  {Lohr, Steve},
  title = {The Age of Big Data},
  howpublished = {Published in New York Times \url{https://www.nytimes.com/2012/02/12/sunday-review/big-datas-impact-in-the-world.html}},
  note = {Accessed: 2019-04-30}
}

@misc{brit_fly,
    author =  {Crouch, Tom D. and Bilstein, Roger E. and Boyne, Walter James},
    title = {History of flight},
    howpublished = {Published in Encyclopædia Britannica  \url{https://www.britannica.com/technology/history-of-flight/The-jet-age#ref260591}},
    note = {Accessed: 2019-04-22}
}


@misc{Forbes,
    author =  {Razin, Ely},
    title = {From The Industrial Age To The Information Age: Where Have All The Factories Gone?},
    howpublished = {Published in Forbes  \url{https://www.forbes.com/sites/elyrazin/2016/05/04/from-the-industrial-age-to-the-information-age-where-have-all-the-factories-gone/}},
    note = {Accessed: 2019-04-24}
}
@misc{TechTarget,
    author =  {Rouse, Margaret},
    title = {Information Age},
    howpublished = {Published in TechTarget  \url{https://searchcio.techtarget.com/definition/Information-Age}},
    note = {Accessed: 2019-04-24}
}


@misc{brit_tec,
    author =  {Buchanan, Robert Angus},
    title = {History of technology},
    howpublished = {Published in Encyclopædia Britannica  \url{https://www.britannica.com/technology/history-of-technology/The-20th-century}},
    note = {Accessed: 2019-04-22}
}

@book{Maugeri_2007,
  author    = {Maugeri, Leonardo}, 
  title     = {The Age of Oil: The Mythology, History, and Future of the World's Most Controversial Resource},
  publisher = {Lyons Press},
  year      = 2007,
  isbn      = {1599211181}
}

@article{Glembocki_1985,
author = {Glembocki, Orest and E. Stahlbush, Robert and Tomkiewicz, Micha},
year = {1985},
month = {01},
pages = {145-151},
title = {Bias‐Dependent Etching of Silicon in Aqueous KOH},
volume = {132},
journal = {Journal of The Electrochemical Society},
doi = {10.1149/1.2113750}
}

@article{Kang_2002,
author = {Kang, Jeung and Musgrave, Charles},
year = {2002},
month = {01},
pages = {275-280},
title = {The mechanism of HF/H2O chemical etching of SiO2},
volume = {116},
journal = {The Journal of Chemical Physics},
doi = {10.1063/1.1420729}
}

@article{Eisele_1981,
author = {M. Eisele, K},
year = {1981},
month = {01},
pages = {},
title = {SF[sub 6], a Preferable Etchant for Plasma Etching Silicon},
volume = {128},
journal = {Journal of The Electrochemical Society - J ELECTROCHEM SOC},
doi = {10.1149/1.2127351}
}

@article{Knizikevicius_2009,
author = {Knizikevičius, R},
year = {2009},
month = {02},
pages = {953–957},
title = {Simulations of Si and SiO2 etching in SF6 + O2 plasma},
volume = {83},
journal = {Vacuum},
doi = {10.1016/j.vacuum.2008.11.002}
}

@article{Frederico_2003,
author = {Frederico, Samuel and Hibert, C and Fritschi, Raphael and Fluckiger, P and Renaud, Ph and Ionescu, Adrian},
year = {2003},
month = {02},
pages = {570 - 573},
title = {Silicon sacrificial layer dry etching (SSLDE) for free-standing RF MEMS architectures},
isbn = {0-7803-7744-3},
journal = {Proceedings of the IEEE Micro Electro Mechanical Systems (MEMS)},
doi = {10.1109/MEMSYS.2003.1189813}
}

@book{madou2002fundamentals,
  title={Fundamentals of Microfabrication: The Science of Miniaturization, Second Edition},
  author={Madou, M.J.},
  isbn={9780849308260},
  lccn={20043273},
  url={https://books.google.com.br/books?id=9bk3gJeQKBYC},
  year={2002},
  publisher={Taylor \& Francis}
}
